@article{thiele2010protocol,
  title={A protocol for generating a high-quality genome-scale metabolic reconstruction},
  author={Thiele, Ines and Palsson, Bernhard {\O}},
  journal={Nature protocols},
  volume={5},
  number={1},
  pages={93},
  year={2010},
  publisher={NIH Public Access}
}

@article{henry2010high,
  title={High-throughput generation, optimization and analysis of genome-scale metabolic models},
  author={Henry, Christopher S and DeJongh, Matthew and Best, Aaron A and Frybarger, Paul M and Linsay, Ben and Stevens, Rick L},
  journal={Nature biotechnology},
  volume={28},
  number={9},
  pages={977--982},
  year={2010},
  publisher={Nature Research}
}

@article{king2015bigg,
  title={BiGG Models: A platform for integrating, standardizing and sharing genome-scale models},
  author={King, Zachary A and Lu, Justin and Dr{\"a}ger, Andreas and Miller, Philip and Federowicz, Stephen and Lerman, Joshua A and Ebrahim, Ali and Palsson, Bernhard O and Lewis, Nathan E},
  journal={Nucleic acids research},
  volume={44},
  number={D1},
  pages={D515--D522},
  year={2015},
  publisher={Oxford University Press}
}

@article{moretti2016metanetx,
  title={MetaNetX/MNXref--reconciliation of metabolites and biochemical reactions to bring together genome-scale metabolic networks},
  author={Moretti, S{\'e}bastien and Martin, Olivier and Van Du Tran, T and Bridge, Alan and Morgat, Anne and Pagni, Marco},
  journal={Nucleic acids research},
  volume={44},
  number={D1},
  pages={D523--D526},
  year={2016},
  publisher={Oxford University Press}
}

@article{ebrahim2013cobrapy,
  title={COBRApy: COnstraints-based reconstruction and analysis for python},
  author={Ebrahim, Ali and Lerman, Joshua A and Palsson, Bernhard O and Hyduke, Daniel R},
  journal={BMC systems biology},
  volume={7},
  number={1},
  pages={74},
  year={2013},
  publisher={BioMed Central}
}

@article{schellenberger2011quantitative,
  title={Quantitative prediction of cellular metabolism with constraint-based models: the COBRA Toolbox v2. 0},
  author={Schellenberger, Jan and Que, Richard and Fleming, Ronan MT and Thiele, Ines and Orth, Jeffrey D and Feist, Adam M and Zielinski, Daniel C and Bordbar, Aarash and Lewis, Nathan E and Rahmanian, Sorena and others},
  journal={Nature protocols},
  volume={6},
  number={9},
  pages={1290},
  year={2011},
  publisher={NIH Public Access}
}


@article{cardoso2017cameo,
  title={Cameo: A Python Library for Computer Aided Metabolic Engineering and Optimization of Cell Factories},
  author={Cardoso, Joao and Jensen, Kristian and Lieven, Christian and Hansen, Anne Sofie Laerke and Galkina, Svetlana and Beber, Moritz Emanuel and Ozdemir, Emre and Herrgard, Markus and Redestig, Henning and Sonnenschein, Nikolaus},
  journal={bioRxiv},
  pages={147199},
  year={2017},
  publisher={Cold Spring Harbor Labs Journals}
}

@article{rocha2010optflux,
  title={OptFlux: an open-source software platform for in silico metabolic engineering},
  author={Rocha, Isabel and Maia, Paulo and Evangelista, Pedro and Vila{\c{c}}a, Paulo and Soares, Sim{\~a}o and Pinto, Jos{\'e} P and Nielsen, Jens and Patil, Kiran R and Ferreira, Eug{\'e}nio C and Rocha, Miguel},
  journal={BMC systems biology},
  volume={4},
  number={1},
  pages={45},
  year={2010},
  publisher={BioMed Central}
}

@article{gevorgyan2010surreyfba,
  title={SurreyFBA: a command line tool and graphics user interface for constraint-based modeling of genome-scale metabolic reaction networks},
  author={Gevorgyan, Albert and Bushell, Michael E and Avignone-Rossa, Claudio and Kierzek, Andrzej M},
  journal={Bioinformatics},
  volume={27},
  number={3},
  pages={433--434},
  year={2010},
  publisher={Oxford University Press}
}


@misc{finney2003systems,
  title={Systems biology markup language: Level 2 and beyond},
  author={Finney, Andrew and Hucka, Michael},
  year={2003},
  publisher={Portland Press Limited}
}


@article{merkel2014docker,
  title={Docker: lightweight linux containers for consistent development and deployment},
  author={Merkel, Dirk},
  journal={Linux Journal},
  volume={2014},
  number={239},
  pages={2},
  year={2014},
  publisher={Belltown Media}
}

@article{chelliah2013biomodels,
  title={BioModels database: a repository of mathematical models of biological processes},
  author={Chelliah, Vijayalakshmi and Laibe, Camille and Le Novere, Nicolas},
  journal={In silico Systems Biology},
  pages={189--199},
  year={2013},
  publisher={Springer}
}

@article{poolman2006scrumpy,
  title={ScrumPy: metabolic modelling with Python},
  author={Poolman, MG},
  journal={IEEE Proceedings-Systems Biology},
  volume={153},
  number={5},
  pages={375--378},
  year={2006},
  publisher={IET}
}

